<?xml version="1.0" encoding="UTF-8"?><collection xmlns="http://www.loc.gov/MARC21/slim"><record><leader>00487nam--2200169-i-4500</leader><controlfield tag="001">000030883</controlfield><controlfield tag="002">20161230</controlfield><controlfield tag="005">20170102002705</controlfield><controlfield tag="008">060222s1000------------r-----000-0-eng-d</controlfield><datafield ind1=" " ind2=" " tag="080"><subfield code="a">577.3:539.12.04</subfield></datafield><datafield ind1=" " ind2=" " tag="100"><subfield code="a">Mathe, Georges</subfield></datafield><datafield ind1=" " ind2=" " tag="245"><subfield code="a">L`applaise myelo-lymphoide de l`irradiation totale. expression, applications, traitement</subfield></datafield><datafield ind1=" " ind2=" " tag="260"><subfield code="a">Paris</subfield><subfield code="b">Gauthier-Villars</subfield><subfield code="c">1965</subfield></datafield><datafield ind1=" " ind2=" " tag="300"><subfield code="a">VIII + 245p</subfield></datafield><datafield ind1=" " ind2=" " tag="700"><subfield code="a">Schwarzenberg, Leon</subfield></datafield><datafield ind1=" " ind2=" " tag="852"><subfield code="a">24188</subfield></datafield><datafield ind1=" " ind2=" " tag="CAT"><subfield code="a">SYS</subfield><subfield code="c">20170102</subfield><subfield code="h">002705</subfield></datafield></record></collection>